<?xml version="1.0" encoding="UTF-8"?><record xmlns="http://www.loc.gov/MARC21/slim" xmlns:cinclude="http://apache.org/cocoon/include/1.0" xmlns:zs="http://www.loc.gov/zing/srw/">
  <leader>00809cz  a2200169n  4500</leader>
  <controlfield tag="001">n  83825975 </controlfield>
  <controlfield tag="003">DLC</controlfield>
  <controlfield tag="005">20081211104438.0</controlfield>
  <controlfield tag="008">830830n| acannaabn          |b ana     c</controlfield>
  <datafield tag="010" ind1=" " ind2=" ">
    <subfield code="a">n  83825975 </subfield>
  </datafield>
  <datafield tag="035" ind1=" " ind2=" ">
    <subfield code="a">(OCoLC)oca01055209</subfield>
  </datafield>
  <datafield tag="040" ind1=" " ind2=" ">
    <subfield code="a">ICU</subfield>
    <subfield code="b">eng</subfield>
    <subfield code="c">ICU</subfield>
    <subfield code="d">OCoLC</subfield>
  </datafield>
  <datafield tag="110" ind1="2" ind2=" ">
    <subfield code="a">Climax Molybdenum Company</subfield>
  </datafield>
  <datafield tag="410" ind1="2" ind2=" ">
    <subfield code="a">Climax Molybdenum Company of Michigan</subfield>
  </datafield>
  <datafield tag="667" ind1=" " ind2=" ">
    <subfield code="a">Includes the old catalog headings: Climax Molybdenum Company, Climax Molybdenum Company of Michigan</subfield>
  </datafield>
  <datafield tag="670" ind1=" " ind2=" ">
    <subfield code="a">LCCN 66-64031: Borys, M.W. The role of molybdenum in plants and soils, 1962?</subfield>
    <subfield code="b">(hdg.: Climax Molybdenum Company; usage: Climax Molybdenum Company)</subfield>
  </datafield>
  <datafield tag="670" ind1=" " ind2=" ">
    <subfield code="a">LC data base, 6-27-83</subfield>
    <subfield code="b">(hdg.: Climax Molybdenum Company, Climax Molybdenum Company of Michigan; usage: Climax Molybdenum Company, Climax Molybdenum Company of Michigan)</subfield>
  </datafield>
</record>